%YAML 1.1
%TAG !u! tag:unity3d.com,2011:
--- !u!1 &107756
GameObject:
  m_ObjectHideFlags: 1
  m_PrefabParentObject: {fileID: 0}
  m_PrefabInternal: {fileID: 100100000}
  serializedVersion: 4
  m_Component:
  - 4: {fileID: 489616}
  m_Layer: 0
  m_Name: Bip01 L Thigh
  m_TagString: Untagged
  m_Icon: {fileID: 0}
  m_NavMeshLayer: 0
  m_StaticEditorFlags: 0
  m_IsActive: 1
--- !u!1 &112958
GameObject:
  m_ObjectHideFlags: 1
  m_PrefabParentObject: {fileID: 0}
  m_PrefabInternal: {fileID: 100100000}
  serializedVersion: 4
  m_Component:
  - 4: {fileID: 406520}
  m_Layer: 0
  m_Name: Bip01 Spine1
  m_TagString: Untagged
  m_Icon: {fileID: 0}
  m_NavMeshLayer: 0
  m_StaticEditorFlags: 0
  m_IsActive: 1
--- !u!1 &115076
GameObject:
  m_ObjectHideFlags: 1
  m_PrefabParentObject: {fileID: 0}
  m_PrefabInternal: {fileID: 100100000}
  serializedVersion: 4
  m_Component:
  - 4: {fileID: 413884}
  m_Layer: 0
  m_Name: Bip01 R Finger31
  m_TagString: Untagged
  m_Icon: {fileID: 0}
  m_NavMeshLayer: 0
  m_StaticEditorFlags: 0
  m_IsActive: 1
--- !u!1 &116908
GameObject:
  m_ObjectHideFlags: 1
  m_PrefabParentObject: {fileID: 0}
  m_PrefabInternal: {fileID: 100100000}
  serializedVersion: 4
  m_Component:
  - 4: {fileID: 423470}
  m_Layer: 0
  m_Name: Bip01
  m_TagString: Untagged
  m_Icon: {fileID: 0}
  m_NavMeshLayer: 0
  m_StaticEditorFlags: 0
  m_IsActive: 1
--- !u!1 &121672
GameObject:
  m_ObjectHideFlags: 1
  m_PrefabParentObject: {fileID: 0}
  m_PrefabInternal: {fileID: 100100000}
  serializedVersion: 4
  m_Component:
  - 4: {fileID: 499300}
  m_Layer: 0
  m_Name: Bip01 R Finger1
  m_TagString: Untagged
  m_Icon: {fileID: 0}
  m_NavMeshLayer: 0
  m_StaticEditorFlags: 0
  m_IsActive: 1
--- !u!1 &124286
GameObject:
  m_ObjectHideFlags: 1
  m_PrefabParentObject: {fileID: 0}
  m_PrefabInternal: {fileID: 100100000}
  serializedVersion: 4
  m_Component:
  - 4: {fileID: 427500}
  m_Layer: 0
  m_Name: Bip01 R Foot
  m_TagString: Untagged
  m_Icon: {fileID: 0}
  m_NavMeshLayer: 0
  m_StaticEditorFlags: 0
  m_IsActive: 1
--- !u!1 &124430
GameObject:
  m_ObjectHideFlags: 1
  m_PrefabParentObject: {fileID: 0}
  m_PrefabInternal: {fileID: 100100000}
  serializedVersion: 4
  m_Component:
  - 4: {fileID: 422156}
  m_Layer: 0
  m_Name: Bip01 Spine
  m_TagString: Untagged
  m_Icon: {fileID: 0}
  m_NavMeshLayer: 0
  m_StaticEditorFlags: 0
  m_IsActive: 1
--- !u!1 &125648
GameObject:
  m_ObjectHideFlags: 1
  m_PrefabParentObject: {fileID: 0}
  m_PrefabInternal: {fileID: 100100000}
  serializedVersion: 4
  m_Component:
  - 4: {fileID: 489904}
  m_Layer: 0
  m_Name: Bip01 L Clavicle
  m_TagString: Untagged
  m_Icon: {fileID: 0}
  m_NavMeshLayer: 0
  m_StaticEditorFlags: 0
  m_IsActive: 1
--- !u!1 &126710
GameObject:
  m_ObjectHideFlags: 1
  m_PrefabParentObject: {fileID: 0}
  m_PrefabInternal: {fileID: 100100000}
  serializedVersion: 4
  m_Component:
  - 4: {fileID: 436364}
  m_Layer: 0
  m_Name: Bip01 R Toe0
  m_TagString: Untagged
  m_Icon: {fileID: 0}
  m_NavMeshLayer: 0
  m_StaticEditorFlags: 0
  m_IsActive: 1
--- !u!1 &127026
GameObject:
  m_ObjectHideFlags: 0
  m_PrefabParentObject: {fileID: 0}
  m_PrefabInternal: {fileID: 100100000}
  serializedVersion: 4
  m_Component:
  - 4: {fileID: 483870}
  - 95: {fileID: 9589362}
  m_Layer: 0
  m_Name: casual22_m_h-idle
  m_TagString: Untagged
  m_Icon: {fileID: 0}
  m_NavMeshLayer: 0
  m_StaticEditorFlags: 0
  m_IsActive: 1
--- !u!1 &128808
GameObject:
  m_ObjectHideFlags: 1
  m_PrefabParentObject: {fileID: 0}
  m_PrefabInternal: {fileID: 100100000}
  serializedVersion: 4
  m_Component:
  - 4: {fileID: 455336}
  m_Layer: 0
  m_Name: Bip01 R UpperArm
  m_TagString: Untagged
  m_Icon: {fileID: 0}
  m_NavMeshLayer: 0
  m_StaticEditorFlags: 0
  m_IsActive: 1
--- !u!1 &129646
GameObject:
  m_ObjectHideFlags: 1
  m_PrefabParentObject: {fileID: 0}
  m_PrefabInternal: {fileID: 100100000}
  serializedVersion: 4
  m_Component:
  - 4: {fileID: 477552}
  m_Layer: 0
  m_Name: Bip01 L Finger1
  m_TagString: Untagged
  m_Icon: {fileID: 0}
  m_NavMeshLayer: 0
  m_StaticEditorFlags: 0
  m_IsActive: 1
--- !u!1 &129784
GameObject:
  m_ObjectHideFlags: 1
  m_PrefabParentObject: {fileID: 0}
  m_PrefabInternal: {fileID: 100100000}
  serializedVersion: 4
  m_Component:
  - 4: {fileID: 473842}
  m_Layer: 0
  m_Name: Bip01 Head
  m_TagString: Untagged
  m_Icon: {fileID: 0}
  m_NavMeshLayer: 0
  m_StaticEditorFlags: 0
  m_IsActive: 1
--- !u!1 &130378
GameObject:
  m_ObjectHideFlags: 0
  m_PrefabParentObject: {fileID: 0}
  m_PrefabInternal: {fileID: 100100000}
  serializedVersion: 4
  m_Component:
  - 4: {fileID: 406974}
  - 114: {fileID: 11476664}
  - 136: {fileID: 13627698}
  m_Layer: 0
  m_Name: Professor
  m_TagString: Professor
  m_Icon: {fileID: 0}
  m_NavMeshLayer: 0
  m_StaticEditorFlags: 0
  m_IsActive: 1
--- !u!1 &134358
GameObject:
  m_ObjectHideFlags: 1
  m_PrefabParentObject: {fileID: 0}
  m_PrefabInternal: {fileID: 100100000}
  serializedVersion: 4
  m_Component:
  - 4: {fileID: 473490}
  m_Layer: 0
  m_Name: Bip01 Neck
  m_TagString: Untagged
  m_Icon: {fileID: 0}
  m_NavMeshLayer: 0
  m_StaticEditorFlags: 0
  m_IsActive: 1
--- !u!1 &135162
GameObject:
  m_ObjectHideFlags: 1
  m_PrefabParentObject: {fileID: 0}
  m_PrefabInternal: {fileID: 100100000}
  serializedVersion: 4
  m_Component:
  - 4: {fileID: 427482}
  m_Layer: 0
  m_Name: Bip01 R Hand
  m_TagString: Untagged
  m_Icon: {fileID: 0}
  m_NavMeshLayer: 0
  m_StaticEditorFlags: 0
  m_IsActive: 1
--- !u!1 &136960
GameObject:
  m_ObjectHideFlags: 1
  m_PrefabParentObject: {fileID: 0}
  m_PrefabInternal: {fileID: 100100000}
  serializedVersion: 4
  m_Component:
  - 4: {fileID: 485508}
  m_Layer: 0
  m_Name: Bip01 L Finger31
  m_TagString: Untagged
  m_Icon: {fileID: 0}
  m_NavMeshLayer: 0
  m_StaticEditorFlags: 0
  m_IsActive: 1
--- !u!1 &140644
GameObject:
  m_ObjectHideFlags: 1
  m_PrefabParentObject: {fileID: 0}
  m_PrefabInternal: {fileID: 100100000}
  serializedVersion: 4
  m_Component:
  - 4: {fileID: 477900}
  m_Layer: 0
  m_Name: Bip01 R Forearm
  m_TagString: Untagged
  m_Icon: {fileID: 0}
  m_NavMeshLayer: 0
  m_StaticEditorFlags: 0
  m_IsActive: 1
--- !u!1 &141654
GameObject:
  m_ObjectHideFlags: 1
  m_PrefabParentObject: {fileID: 0}
  m_PrefabInternal: {fileID: 100100000}
  serializedVersion: 4
  m_Component:
  - 4: {fileID: 441858}
  m_Layer: 0
  m_Name: Bip01 L Finger01
  m_TagString: Untagged
  m_Icon: {fileID: 0}
  m_NavMeshLayer: 0
  m_StaticEditorFlags: 0
  m_IsActive: 1
--- !u!1 &142070
GameObject:
  m_ObjectHideFlags: 1
  m_PrefabParentObject: {fileID: 0}
  m_PrefabInternal: {fileID: 100100000}
  serializedVersion: 4
  m_Component:
  - 4: {fileID: 462632}
  m_Layer: 0
  m_Name: Bip01 L Foot
  m_TagString: Untagged
  m_Icon: {fileID: 0}
  m_NavMeshLayer: 0
  m_StaticEditorFlags: 0
  m_IsActive: 1
--- !u!1 &145518
GameObject:
  m_ObjectHideFlags: 1
  m_PrefabParentObject: {fileID: 0}
  m_PrefabInternal: {fileID: 100100000}
  serializedVersion: 4
  m_Component:
  - 4: {fileID: 433206}
  m_Layer: 0
  m_Name: Bip01 L Hand
  m_TagString: Untagged
  m_Icon: {fileID: 0}
  m_NavMeshLayer: 0
  m_StaticEditorFlags: 0
  m_IsActive: 1
--- !u!1 &151986
GameObject:
  m_ObjectHideFlags: 1
  m_PrefabParentObject: {fileID: 0}
  m_PrefabInternal: {fileID: 100100000}
  serializedVersion: 4
  m_Component:
  - 4: {fileID: 451460}
  m_Layer: 0
  m_Name: Bip01 L Calf
  m_TagString: Untagged
  m_Icon: {fileID: 0}
  m_NavMeshLayer: 0
  m_StaticEditorFlags: 0
  m_IsActive: 1
--- !u!1 &152910
GameObject:
  m_ObjectHideFlags: 1
  m_PrefabParentObject: {fileID: 0}
  m_PrefabInternal: {fileID: 100100000}
  serializedVersion: 4
  m_Component:
  - 4: {fileID: 488856}
  m_Layer: 0
  m_Name: Bip01 L UpperArm
  m_TagString: Untagged
  m_Icon: {fileID: 0}
  m_NavMeshLayer: 0
  m_StaticEditorFlags: 0
  m_IsActive: 1
--- !u!1 &155482
GameObject:
  m_ObjectHideFlags: 1
  m_PrefabParentObject: {fileID: 0}
  m_PrefabInternal: {fileID: 100100000}
  serializedVersion: 4
  m_Component:
  - 4: {fileID: 477064}
  m_Layer: 0
  m_Name: Bip01 L Finger0
  m_TagString: Untagged
  m_Icon: {fileID: 0}
  m_NavMeshLayer: 0
  m_StaticEditorFlags: 0
  m_IsActive: 1
--- !u!1 &156398
GameObject:
  m_ObjectHideFlags: 1
  m_PrefabParentObject: {fileID: 0}
  m_PrefabInternal: {fileID: 100100000}
  serializedVersion: 4
  m_Component:
  - 4: {fileID: 410864}
  m_Layer: 0
  m_Name: Bip01 R Finger0
  m_TagString: Untagged
  m_Icon: {fileID: 0}
  m_NavMeshLayer: 0
  m_StaticEditorFlags: 0
  m_IsActive: 1
--- !u!1 &168330
GameObject:
  m_ObjectHideFlags: 1
  m_PrefabParentObject: {fileID: 0}
  m_PrefabInternal: {fileID: 100100000}
  serializedVersion: 4
  m_Component:
  - 4: {fileID: 482098}
  m_Layer: 0
  m_Name: Bip01 Pelvis
  m_TagString: Untagged
  m_Icon: {fileID: 0}
  m_NavMeshLayer: 0
  m_StaticEditorFlags: 0
  m_IsActive: 1
--- !u!1 &169150
GameObject:
  m_ObjectHideFlags: 1
  m_PrefabParentObject: {fileID: 0}
  m_PrefabInternal: {fileID: 100100000}
  serializedVersion: 4
  m_Component:
  - 4: {fileID: 475510}
  m_Layer: 0
  m_Name: Bip01 R Finger4
  m_TagString: Untagged
  m_Icon: {fileID: 0}
  m_NavMeshLayer: 0
  m_StaticEditorFlags: 0
  m_IsActive: 1
--- !u!1 &170242
GameObject:
  m_ObjectHideFlags: 1
  m_PrefabParentObject: {fileID: 0}
  m_PrefabInternal: {fileID: 100100000}
  serializedVersion: 4
  m_Component:
  - 4: {fileID: 449076}
  m_Layer: 0
  m_Name: Bip01 R Finger41
  m_TagString: Untagged
  m_Icon: {fileID: 0}
  m_NavMeshLayer: 0
  m_StaticEditorFlags: 0
  m_IsActive: 1
--- !u!1 &170314
GameObject:
  m_ObjectHideFlags: 1
  m_PrefabParentObject: {fileID: 0}
  m_PrefabInternal: {fileID: 100100000}
  serializedVersion: 4
  m_Component:
  - 4: {fileID: 473950}
  m_Layer: 0
  m_Name: Bip01 R Finger11
  m_TagString: Untagged
  m_Icon: {fileID: 0}
  m_NavMeshLayer: 0
  m_StaticEditorFlags: 0
  m_IsActive: 1
--- !u!1 &172896
GameObject:
  m_ObjectHideFlags: 1
  m_PrefabParentObject: {fileID: 0}
  m_PrefabInternal: {fileID: 100100000}
  serializedVersion: 4
  m_Component:
  - 4: {fileID: 463586}
  m_Layer: 0
  m_Name: Bip01 R Finger2
  m_TagString: Untagged
  m_Icon: {fileID: 0}
  m_NavMeshLayer: 0
  m_StaticEditorFlags: 0
  m_IsActive: 1
--- !u!1 &173122
GameObject:
  m_ObjectHideFlags: 1
  m_PrefabParentObject: {fileID: 0}
  m_PrefabInternal: {fileID: 100100000}
  serializedVersion: 4
  m_Component:
  - 4: {fileID: 428392}
  m_Layer: 0
  m_Name: Bip01 L Finger21
  m_TagString: Untagged
  m_Icon: {fileID: 0}
  m_NavMeshLayer: 0
  m_StaticEditorFlags: 0
  m_IsActive: 1
--- !u!1 &173618
GameObject:
  m_ObjectHideFlags: 1
  m_PrefabParentObject: {fileID: 0}
  m_PrefabInternal: {fileID: 100100000}
  serializedVersion: 4
  m_Component:
  - 4: {fileID: 491752}
  m_Layer: 0
  m_Name: Bip01 L Finger11
  m_TagString: Untagged
  m_Icon: {fileID: 0}
  m_NavMeshLayer: 0
  m_StaticEditorFlags: 0
  m_IsActive: 1
--- !u!1 &175160
GameObject:
  m_ObjectHideFlags: 1
  m_PrefabParentObject: {fileID: 0}
  m_PrefabInternal: {fileID: 100100000}
  serializedVersion: 4
  m_Component:
  - 4: {fileID: 460516}
  m_Layer: 0
  m_Name: Bip01 L Toe0
  m_TagString: Untagged
  m_Icon: {fileID: 0}
  m_NavMeshLayer: 0
  m_StaticEditorFlags: 0
  m_IsActive: 1
--- !u!1 &177016
GameObject:
  m_ObjectHideFlags: 1
  m_PrefabParentObject: {fileID: 0}
  m_PrefabInternal: {fileID: 100100000}
  serializedVersion: 4
  m_Component:
  - 4: {fileID: 468176}
  m_Layer: 0
  m_Name: Bip01 R Thigh
  m_TagString: Untagged
  m_Icon: {fileID: 0}
  m_NavMeshLayer: 0
  m_StaticEditorFlags: 0
  m_IsActive: 1
--- !u!1 &177270
GameObject:
  m_ObjectHideFlags: 1
  m_PrefabParentObject: {fileID: 0}
  m_PrefabInternal: {fileID: 100100000}
  serializedVersion: 4
  m_Component:
  - 4: {fileID: 409608}
  - 137: {fileID: 13735080}
  m_Layer: 0
  m_Name: casua22_m_highpoly
  m_TagString: Untagged
  m_Icon: {fileID: 0}
  m_NavMeshLayer: 0
  m_StaticEditorFlags: 0
  m_IsActive: 1
--- !u!1 &178140
GameObject:
  m_ObjectHideFlags: 1
  m_PrefabParentObject: {fileID: 0}
  m_PrefabInternal: {fileID: 100100000}
  serializedVersion: 4
  m_Component:
  - 4: {fileID: 499142}
  m_Layer: 0
  m_Name: Bip01 Spine2
  m_TagString: Untagged
  m_Icon: {fileID: 0}
  m_NavMeshLayer: 0
  m_StaticEditorFlags: 0
  m_IsActive: 1
--- !u!1 &178240
GameObject:
  m_ObjectHideFlags: 1
  m_PrefabParentObject: {fileID: 0}
  m_PrefabInternal: {fileID: 100100000}
  serializedVersion: 4
  m_Component:
  - 4: {fileID: 481452}
  m_Layer: 0
  m_Name: Bip01 R Clavicle
  m_TagString: Untagged
  m_Icon: {fileID: 0}
  m_NavMeshLayer: 0
  m_StaticEditorFlags: 0
  m_IsActive: 1
--- !u!1 &178492
GameObject:
  m_ObjectHideFlags: 1
  m_PrefabParentObject: {fileID: 0}
  m_PrefabInternal: {fileID: 100100000}
  serializedVersion: 4
  m_Component:
  - 4: {fileID: 485680}
  m_Layer: 0
  m_Name: Bip01 L Finger3
  m_TagString: Untagged
  m_Icon: {fileID: 0}
  m_NavMeshLayer: 0
  m_StaticEditorFlags: 0
  m_IsActive: 1
--- !u!1 &183186
GameObject:
  m_ObjectHideFlags: 1
  m_PrefabParentObject: {fileID: 0}
  m_PrefabInternal: {fileID: 100100000}
  serializedVersion: 4
  m_Component:
  - 4: {fileID: 489064}
  m_Layer: 0
  m_Name: Bip01 R Calf
  m_TagString: Untagged
  m_Icon: {fileID: 0}
  m_NavMeshLayer: 0
  m_StaticEditorFlags: 0
  m_IsActive: 1
--- !u!1 &186418
GameObject:
  m_ObjectHideFlags: 1
  m_PrefabParentObject: {fileID: 0}
  m_PrefabInternal: {fileID: 100100000}
  serializedVersion: 4
  m_Component:
  - 4: {fileID: 426532}
  m_Layer: 0
  m_Name: Bip01 R Finger3
  m_TagString: Untagged
  m_Icon: {fileID: 0}
  m_NavMeshLayer: 0
  m_StaticEditorFlags: 0
  m_IsActive: 1
--- !u!1 &186854
GameObject:
  m_ObjectHideFlags: 1
  m_PrefabParentObject: {fileID: 0}
  m_PrefabInternal: {fileID: 100100000}
  serializedVersion: 4
  m_Component:
  - 4: {fileID: 453886}
  m_Layer: 0
  m_Name: Bip01 R Finger21
  m_TagString: Untagged
  m_Icon: {fileID: 0}
  m_NavMeshLayer: 0
  m_StaticEditorFlags: 0
  m_IsActive: 1
--- !u!1 &189578
GameObject:
  m_ObjectHideFlags: 1
  m_PrefabParentObject: {fileID: 0}
  m_PrefabInternal: {fileID: 100100000}
  serializedVersion: 4
  m_Component:
  - 4: {fileID: 440864}
  m_Layer: 0
  m_Name: Bip01 R Finger01
  m_TagString: Untagged
  m_Icon: {fileID: 0}
  m_NavMeshLayer: 0
  m_StaticEditorFlags: 0
  m_IsActive: 1
--- !u!1 &194516
GameObject:
  m_ObjectHideFlags: 1
  m_PrefabParentObject: {fileID: 0}
  m_PrefabInternal: {fileID: 100100000}
  serializedVersion: 4
  m_Component:
  - 4: {fileID: 428440}
  m_Layer: 0
  m_Name: Bip01 L Finger2
  m_TagString: Untagged
  m_Icon: {fileID: 0}
  m_NavMeshLayer: 0
  m_StaticEditorFlags: 0
  m_IsActive: 1
--- !u!1 &194926
GameObject:
  m_ObjectHideFlags: 1
  m_PrefabParentObject: {fileID: 0}
  m_PrefabInternal: {fileID: 100100000}
  serializedVersion: 4
  m_Component:
  - 4: {fileID: 467090}
  m_Layer: 0
  m_Name: Bip01 L Finger4
  m_TagString: Untagged
  m_Icon: {fileID: 0}
  m_NavMeshLayer: 0
  m_StaticEditorFlags: 0
  m_IsActive: 1
--- !u!1 &196094
GameObject:
  m_ObjectHideFlags: 1
  m_PrefabParentObject: {fileID: 0}
  m_PrefabInternal: {fileID: 100100000}
  serializedVersion: 4
  m_Component:
  - 4: {fileID: 405364}
  m_Layer: 0
  m_Name: Bip01 L Forearm
  m_TagString: Untagged
  m_Icon: {fileID: 0}
  m_NavMeshLayer: 0
  m_StaticEditorFlags: 0
  m_IsActive: 1
--- !u!1 &196278
GameObject:
  m_ObjectHideFlags: 1
  m_PrefabParentObject: {fileID: 0}
  m_PrefabInternal: {fileID: 100100000}
  serializedVersion: 4
  m_Component:
  - 4: {fileID: 479690}
  m_Layer: 0
  m_Name: Bip01 L Finger41
  m_TagString: Untagged
  m_Icon: {fileID: 0}
  m_NavMeshLayer: 0
  m_StaticEditorFlags: 0
  m_IsActive: 1
--- !u!4 &405364
Transform:
  m_ObjectHideFlags: 1
  m_PrefabParentObject: {fileID: 0}
  m_PrefabInternal: {fileID: 100100000}
  m_GameObject: {fileID: 196094}
  m_LocalRotation: {x: -0.0000000043749493, y: 0.0000000142444545, z: 0.29359785,
    w: 0.95592904}
  m_LocalPosition: {x: -0.2808213, y: 0, z: 0.000000038146972}
  m_LocalScale: {x: 0.9999998, y: 0.9999999, z: 1}
  m_LocalEulerAnglesHint: {x: 0, y: 0, z: 0}
  m_Children:
  - {fileID: 433206}
  m_Father: {fileID: 488856}
  m_RootOrder: 0
--- !u!4 &406520
Transform:
  m_ObjectHideFlags: 1
  m_PrefabParentObject: {fileID: 0}
  m_PrefabInternal: {fileID: 100100000}
  m_GameObject: {fileID: 112958}
  m_LocalRotation: {x: 0.011458858, y: -0.06494362, z: -0.009979157, w: 0.9977733}
  m_LocalPosition: {x: -0.15396637, y: -0.00012254238, z: -0.0000029611588}
  m_LocalScale: {x: 1.0000002, y: 1, z: 1.0000001}
  m_LocalEulerAnglesHint: {x: 0, y: 0, z: 0}
  m_Children:
  - {fileID: 499142}
  m_Father: {fileID: 422156}
  m_RootOrder: 2
--- !u!4 &406974
Transform:
  m_ObjectHideFlags: 1
  m_PrefabParentObject: {fileID: 0}
  m_PrefabInternal: {fileID: 100100000}
  m_GameObject: {fileID: 130378}
  m_LocalRotation: {x: 0, y: 0.43570375, z: 0, w: 0.90009016}
  m_LocalPosition: {x: -9.29, y: 0, z: -4.73}
  m_LocalScale: {x: 1, y: 1, z: 1}
  m_LocalEulerAnglesHint: {x: 0, y: 0, z: 0}
  m_Children:
  - {fileID: 483870}
  m_Father: {fileID: 0}
  m_RootOrder: 0
--- !u!4 &409608
Transform:
  m_ObjectHideFlags: 1
  m_PrefabParentObject: {fileID: 0}
  m_PrefabInternal: {fileID: 100100000}
  m_GameObject: {fileID: 177270}
  m_LocalRotation: {x: -0.7071068, y: 0, z: -0, w: 0.7071068}
  m_LocalPosition: {x: 0.00000004021521, y: 0, z: 0}
  m_LocalScale: {x: 1, y: 1, z: 1}
  m_LocalEulerAnglesHint: {x: 0, y: 0, z: 0}
  m_Children: []
  m_Father: {fileID: 483870}
  m_RootOrder: 1
--- !u!4 &410864
Transform:
  m_ObjectHideFlags: 1
  m_PrefabParentObject: {fileID: 0}
  m_PrefabInternal: {fileID: 100100000}
  m_GameObject: {fileID: 156398}
  m_LocalRotation: {x: -0.6275846, y: 0.16671842, z: 0.03329645, w: 0.7597592}
  m_LocalPosition: {x: -0.030412445, y: 0.018543625, z: 0.0426789}
  m_LocalScale: {x: 1, y: 1.0000001, z: 0.99999976}
  m_LocalEulerAnglesHint: {x: 0, y: 0, z: 0}
  m_Children:
  - {fileID: 440864}
  m_Father: {fileID: 427482}
  m_RootOrder: 0
--- !u!4 &413884
Transform:
  m_ObjectHideFlags: 1
  m_PrefabParentObject: {fileID: 0}
  m_PrefabInternal: {fileID: 100100000}
  m_GameObject: {fileID: 115076}
  m_LocalRotation: {x: 0.000000004731741, y: 0.000000024072357, z: -0.31699926, w: 0.9484258}
  m_LocalPosition: {x: -0.048303984, y: 0, z: -0.000000009536743}
  m_LocalScale: {x: 1.0000001, y: 1.0000001, z: 1}
  m_LocalEulerAnglesHint: {x: 0, y: 0, z: 0}
  m_Children: []
  m_Father: {fileID: 426532}
  m_RootOrder: 0
--- !u!4 &422156
Transform:
  m_ObjectHideFlags: 1
  m_PrefabParentObject: {fileID: 0}
  m_PrefabInternal: {fileID: 100100000}
  m_GameObject: {fileID: 124430}
  m_LocalRotation: {x: 0.008437144, y: -0.016513845, z: -0.0019040353, w: 0.99982625}
  m_LocalPosition: {x: -0.1301998, y: -0.029207084, z: -0.009001188}
  m_LocalScale: {x: 1, y: 1.0000001, z: 1}
  m_LocalEulerAnglesHint: {x: 0, y: 0, z: 0}
  m_Children:
  - {fileID: 489616}
  - {fileID: 468176}
  - {fileID: 406520}
  m_Father: {fileID: 482098}
  m_RootOrder: 0
--- !u!4 &423470
Transform:
  m_ObjectHideFlags: 1
  m_PrefabParentObject: {fileID: 0}
  m_PrefabInternal: {fileID: 100100000}
  m_GameObject: {fileID: 116908}
  m_LocalRotation: {x: -0.49890783, y: 0.50108975, z: 0.49890712, w: 0.5010905}
  m_LocalPosition: {x: 0.023490826, y: 0.8895162, z: 0.054683674}
  m_LocalScale: {x: 1, y: 1, z: 1}
  m_LocalEulerAnglesHint: {x: 0, y: 0, z: 0}
  m_Children:
  - {fileID: 482098}
  m_Father: {fileID: 483870}
  m_RootOrder: 0
--- !u!4 &426532
Transform:
  m_ObjectHideFlags: 1
  m_PrefabParentObject: {fileID: 0}
  m_PrefabInternal: {fileID: 100100000}
  m_GameObject: {fileID: 186418}
  m_LocalRotation: {x: -0.00688596, y: -0.04461093, z: -0.16065389, w: 0.98597807}
  m_LocalPosition: {x: -0.097105026, y: -0.005587883, z: -0.011297235}
  m_LocalScale: {x: 0.9999995, y: 0.99999994, z: 0.9999996}
  m_LocalEulerAnglesHint: {x: 0, y: 0, z: 0}
  m_Children:
  - {fileID: 413884}
  m_Father: {fileID: 427482}
  m_RootOrder: 3
--- !u!4 &427482
Transform:
  m_ObjectHideFlags: 1
  m_PrefabParentObject: {fileID: 0}
  m_PrefabInternal: {fileID: 100100000}
  m_GameObject: {fileID: 135162}
  m_LocalRotation: {x: 0.5720458, y: -0.012390486, z: -0.058845747, w: 0.8180142}
  m_LocalPosition: {x: -0.2834977, y: 0, z: 0.000000038146972}
  m_LocalScale: {x: 0.9999999, y: 1, z: 1.0000001}
  m_LocalEulerAnglesHint: {x: 0, y: 0, z: 0}
  m_Children:
  - {fileID: 410864}
  - {fileID: 499300}
  - {fileID: 463586}
  - {fileID: 426532}
  - {fileID: 475510}
  m_Father: {fileID: 477900}
  m_RootOrder: 0
--- !u!4 &427500
Transform:
  m_ObjectHideFlags: 1
  m_PrefabParentObject: {fileID: 0}
  m_PrefabInternal: {fileID: 100100000}
  m_GameObject: {fileID: 124286}
  m_LocalRotation: {x: 0.075099505, y: 0.009520627, z: -0.015853902, w: 0.99700457}
  m_LocalPosition: {x: -0.42213824, y: 0.0000000023841857, z: 0.000000009536743}
  m_LocalScale: {x: 1.0000001, y: 0.99999994, z: 0.99999994}
  m_LocalEulerAnglesHint: {x: 0, y: 0, z: 0}
  m_Children:
  - {fileID: 436364}
  m_Father: {fileID: 489064}
  m_RootOrder: 0
--- !u!4 &428392
Transform:
  m_ObjectHideFlags: 1
  m_PrefabParentObject: {fileID: 0}
  m_PrefabInternal: {fileID: 100100000}
  m_GameObject: {fileID: 173122}
  m_LocalRotation: {x: 0.0000000162295, y: -0.000000003762855, z: -0.6376741, w: 0.7703063}
  m_LocalPosition: {x: -0.0551844, y: 0, z: 0}
  m_LocalScale: {x: 1.0000001, y: 1.0000001, z: 1.0000001}
  m_LocalEulerAnglesHint: {x: 0, y: 0, z: 0}
  m_Children: []
  m_Father: {fileID: 428440}
  m_RootOrder: 0
--- !u!4 &428440
Transform:
  m_ObjectHideFlags: 1
  m_PrefabParentObject: {fileID: 0}
  m_PrefabInternal: {fileID: 100100000}
  m_GameObject: {fileID: 194516}
  m_LocalRotation: {x: -0.00035323953, y: -0.00018363603, z: -0.46127728, w: 0.88725597}
  m_LocalPosition: {x: -0.09644531, y: -0.0036351394, z: -0.0111528775}
  m_LocalScale: {x: 0.99999994, y: 0.99999994, z: 1.0000001}
  m_LocalEulerAnglesHint: {x: 0, y: 0, z: 0}
  m_Children:
  - {fileID: 428392}
  m_Father: {fileID: 433206}
  m_RootOrder: 2
--- !u!4 &433206
Transform:
  m_ObjectHideFlags: 1
  m_PrefabParentObject: {fileID: 0}
  m_PrefabInternal: {fileID: 100100000}
  m_GameObject: {fileID: 145518}
  m_LocalRotation: {x: -0.5611011, y: 0.029429255, z: -0.080533996, w: 0.82329446}
  m_LocalPosition: {x: -0.28349778, y: 0.000000038146972, z: 0}
  m_LocalScale: {x: 1, y: 1, z: 1.0000001}
  m_LocalEulerAnglesHint: {x: 0, y: 0, z: 0}
  m_Children:
  - {fileID: 477064}
  - {fileID: 477552}
  - {fileID: 428440}
  - {fileID: 485680}
  - {fileID: 467090}
  m_Father: {fileID: 405364}
  m_RootOrder: 0
--- !u!4 &436364
Transform:
  m_ObjectHideFlags: 1
  m_PrefabParentObject: {fileID: 0}
  m_PrefabInternal: {fileID: 100100000}
  m_GameObject: {fileID: 126710}
  m_LocalRotation: {x: -0.0000000011257204, y: -0.0000000010073297, z: -0.6916008,
    w: 0.72227997}
  m_LocalPosition: {x: -0.077675596, y: 0.12388971, z: 0.000000019073486}
  m_LocalScale: {x: 1, y: 1, z: 1}
  m_LocalEulerAnglesHint: {x: 0, y: 0, z: 0}
  m_Children: []
  m_Father: {fileID: 427500}
  m_RootOrder: 0
--- !u!4 &440864
Transform:
  m_ObjectHideFlags: 1
  m_PrefabParentObject: {fileID: 0}
  m_PrefabInternal: {fileID: 100100000}
  m_GameObject: {fileID: 189578}
  m_LocalRotation: {x: 0.000000029290833, y: 0.00000001583516, z: -0.23801515, w: 0.9712615}
  m_LocalPosition: {x: -0.054733504, y: 0, z: 0}
  m_LocalScale: {x: 1.0000001, y: 1, z: 1}
  m_LocalEulerAnglesHint: {x: 0, y: 0, z: 0}
  m_Children: []
  m_Father: {fileID: 410864}
  m_RootOrder: 0
--- !u!4 &441858
Transform:
  m_ObjectHideFlags: 1
  m_PrefabParentObject: {fileID: 0}
  m_PrefabInternal: {fileID: 100100000}
  m_GameObject: {fileID: 141654}
  m_LocalRotation: {x: -0.000000010724851, y: -0.000000005622801, z: -0.17888087,
    w: 0.98387074}
  m_LocalPosition: {x: -0.054733504, y: 0, z: 0.000000009536743}
  m_LocalScale: {x: 1.0000001, y: 1.0000001, z: 1}
  m_LocalEulerAnglesHint: {x: 0, y: 0, z: 0}
  m_Children: []
  m_Father: {fileID: 477064}
  m_RootOrder: 0
--- !u!4 &449076
Transform:
  m_ObjectHideFlags: 1
  m_PrefabParentObject: {fileID: 0}
  m_PrefabInternal: {fileID: 100100000}
  m_GameObject: {fileID: 170242}
  m_LocalRotation: {x: 0.000000009269659, y: -0.000000020424086, z: -0.2960779, w: 0.95516384}
  m_LocalPosition: {x: -0.03543564, y: -0.000000019073486, z: -0.000000009536743}
  m_LocalScale: {x: 1, y: 1, z: 1}
  m_LocalEulerAnglesHint: {x: 0, y: 0, z: 0}
  m_Children: []
  m_Father: {fileID: 475510}
  m_RootOrder: 0
--- !u!4 &451460
Transform:
  m_ObjectHideFlags: 1
  m_PrefabParentObject: {fileID: 0}
  m_PrefabInternal: {fileID: 100100000}
  m_GameObject: {fileID: 151986}
  m_LocalRotation: {x: 0.000000004366166, y: -0.00000000709405, z: 0.08795457, w: 0.9961245}
  m_LocalPosition: {x: -0.38978407, y: 0, z: 0}
  m_LocalScale: {x: 0.9999999, y: 0.9999998, z: 0.99999994}
  m_LocalEulerAnglesHint: {x: 0, y: 0, z: 0}
  m_Children:
  - {fileID: 462632}
  m_Father: {fileID: 489616}
  m_RootOrder: 0
--- !u!4 &453886
Transform:
  m_ObjectHideFlags: 1
  m_PrefabParentObject: {fileID: 0}
  m_PrefabInternal: {fileID: 100100000}
  m_GameObject: {fileID: 186854}
  m_LocalRotation: {x: 0.000000005217921, y: 0.0000000042280144, z: -0.29725033, w: 0.9547996}
  m_LocalPosition: {x: -0.0551844, y: 0.000000019073486, z: -0.0000000047683715}
  m_LocalScale: {x: 1, y: 1, z: 1}
  m_LocalEulerAnglesHint: {x: 0, y: 0, z: 0}
  m_Children: []
  m_Father: {fileID: 463586}
  m_RootOrder: 0
--- !u!4 &455336
Transform:
  m_ObjectHideFlags: 1
  m_PrefabParentObject: {fileID: 0}
  m_PrefabInternal: {fileID: 100100000}
  m_GameObject: {fileID: 128808}
  m_LocalRotation: {x: -0.057100296, y: 0.5509471, z: -0.050735746, w: 0.8310371}
  m_LocalPosition: {x: -0.14539742, y: -0.0000000047683715, z: 0}
  m_LocalScale: {x: 0.9999999, y: 1.0000001, z: 1}
  m_LocalEulerAnglesHint: {x: 0, y: 0, z: 0}
  m_Children:
  - {fileID: 477900}
  m_Father: {fileID: 481452}
  m_RootOrder: 0
--- !u!4 &460516
Transform:
  m_ObjectHideFlags: 1
  m_PrefabParentObject: {fileID: 0}
  m_PrefabInternal: {fileID: 100100000}
  m_GameObject: {fileID: 175160}
  m_LocalRotation: {x: 0.00000007148718, y: 0.00000017593656, z: -0.707377, w: 0.70683646}
  m_LocalPosition: {x: -0.07767559, y: 0.123889685, z: 0.000000009536743}
  m_LocalScale: {x: 0.99999994, y: 0.9999999, z: 0.9999999}
  m_LocalEulerAnglesHint: {x: 0, y: 0, z: 0}
  m_Children: []
  m_Father: {fileID: 462632}
  m_RootOrder: 0
--- !u!4 &462632
Transform:
  m_ObjectHideFlags: 1
  m_PrefabParentObject: {fileID: 0}
  m_PrefabInternal: {fileID: 100100000}
  m_GameObject: {fileID: 142070}
  m_LocalRotation: {x: -0.19191495, y: 0.08232353, z: -0.036558915, w: 0.9772691}
  m_LocalPosition: {x: -0.42213807, y: 0, z: 0.000000019073486}
  m_LocalScale: {x: 0.9999999, y: 0.9999999, z: 0.99999994}
  m_LocalEulerAnglesHint: {x: 0, y: 0, z: 0}
  m_Children:
  - {fileID: 460516}
  m_Father: {fileID: 451460}
  m_RootOrder: 0
--- !u!4 &463586
Transform:
  m_ObjectHideFlags: 1
  m_PrefabParentObject: {fileID: 0}
  m_PrefabInternal: {fileID: 100100000}
  m_GameObject: {fileID: 172896}
  m_LocalRotation: {x: 0.0003929212, y: 0.0000640203, z: -0.16080102, w: 0.98698676}
  m_LocalPosition: {x: -0.09644531, y: -0.0036351394, z: 0.011152891}
  m_LocalScale: {x: 0.9999999, y: 0.99999994, z: 0.99999994}
  m_LocalEulerAnglesHint: {x: 0, y: 0, z: 0}
  m_Children:
  - {fileID: 453886}
  m_Father: {fileID: 427482}
  m_RootOrder: 2
--- !u!4 &467090
Transform:
  m_ObjectHideFlags: 1
  m_PrefabParentObject: {fileID: 0}
  m_PrefabInternal: {fileID: 100100000}
  m_GameObject: {fileID: 194926}
  m_LocalRotation: {x: -0.01148592, y: 0.057133656, z: -0.49165514, w: 0.8688378}
  m_LocalPosition: {x: -0.09638878, y: -0.0034306715, z: 0.03374406}
  m_LocalScale: {x: 0.99999946, y: 1.0000001, z: 0.9999995}
  m_LocalEulerAnglesHint: {x: 0, y: 0, z: 0}
  m_Children:
  - {fileID: 479690}
  m_Father: {fileID: 433206}
  m_RootOrder: 4
--- !u!4 &468176
Transform:
  m_ObjectHideFlags: 1
  m_PrefabParentObject: {fileID: 0}
  m_PrefabInternal: {fileID: 100100000}
  m_GameObject: {fileID: 177016}
  m_LocalRotation: {x: 0.01876122, y: 0.9992438, z: -0.021433622, w: 0.026467483}
  m_LocalPosition: {x: 0.12749457, y: 0.028371679, z: -0.080943145}
  m_LocalScale: {x: 1.0000001, y: 1.0000001, z: 1.0000001}
  m_LocalEulerAnglesHint: {x: 0, y: 0, z: 0}
  m_Children:
  - {fileID: 489064}
  m_Father: {fileID: 422156}
  m_RootOrder: 1
--- !u!4 &473490
Transform:
  m_ObjectHideFlags: 1
  m_PrefabParentObject: {fileID: 0}
  m_PrefabInternal: {fileID: 100100000}
  m_GameObject: {fileID: 134358}
  m_LocalRotation: {x: 0.000000001959083, y: 0.00000004095517, z: -0.013720238, w: 0.9999059}
  m_LocalPosition: {x: -0.15396637, y: -0.00008198976, z: 0.000000019073486}
  m_LocalScale: {x: 0.99999994, y: 1, z: 1}
  m_LocalEulerAnglesHint: {x: 0, y: 0, z: 0}
  m_Children:
  - {fileID: 473842}
  - {fileID: 489904}
  - {fileID: 481452}
  m_Father: {fileID: 499142}
  m_RootOrder: 0
--- !u!4 &473842
Transform:
  m_ObjectHideFlags: 1
  m_PrefabParentObject: {fileID: 0}
  m_PrefabInternal: {fileID: 100100000}
  m_GameObject: {fileID: 129784}
  m_LocalRotation: {x: 0.14045297, y: 0.038963437, z: -0.018505253, w: 0.9891473}
  m_LocalPosition: {x: -0.103005975, y: 0, z: 0}
  m_LocalScale: {x: 0.9999998, y: 0.9999999, z: 0.99999994}
  m_LocalEulerAnglesHint: {x: 0, y: 0, z: 0}
  m_Children: []
  m_Father: {fileID: 473490}
  m_RootOrder: 0
--- !u!4 &473950
Transform:
  m_ObjectHideFlags: 1
  m_PrefabParentObject: {fileID: 0}
  m_PrefabInternal: {fileID: 100100000}
  m_GameObject: {fileID: 170314}
  m_LocalRotation: {x: 0.0000000019611266, y: 0.0000000071878454, z: -0.263218, w: 0.9647364}
  m_LocalPosition: {x: -0.048597183, y: -0.000000038146972, z: 0}
  m_LocalScale: {x: 1.0000001, y: 1.0000001, z: 1.0000001}
  m_LocalEulerAnglesHint: {x: 0, y: 0, z: 0}
  m_Children: []
  m_Father: {fileID: 499300}
  m_RootOrder: 0
--- !u!4 &475510
Transform:
  m_ObjectHideFlags: 1
  m_PrefabParentObject: {fileID: 0}
  m_PrefabInternal: {fileID: 100100000}
  m_GameObject: {fileID: 169150}
  m_LocalRotation: {x: -0.008998788, y: -0.05757781, z: -0.16054922, w: 0.98530596}
  m_LocalPosition: {x: -0.09638878, y: -0.0034307097, z: -0.033744052}
  m_LocalScale: {x: 0.99999946, y: 0.99999994, z: 0.99999946}
  m_LocalEulerAnglesHint: {x: 0, y: 0, z: 0}
  m_Children:
  - {fileID: 449076}
  m_Father: {fileID: 427482}
  m_RootOrder: 4
--- !u!4 &477064
Transform:
  m_ObjectHideFlags: 1
  m_PrefabParentObject: {fileID: 0}
  m_PrefabInternal: {fileID: 100100000}
  m_GameObject: {fileID: 155482}
  m_LocalRotation: {x: 0.63043237, y: -0.21381496, z: -0.06240325, w: 0.74360204}
  m_LocalPosition: {x: -0.030412445, y: 0.018543663, z: -0.0426789}
  m_LocalScale: {x: 1, y: 1.0000004, z: 0.99999994}
  m_LocalEulerAnglesHint: {x: 0, y: 0, z: 0}
  m_Children:
  - {fileID: 441858}
  m_Father: {fileID: 433206}
  m_RootOrder: 0
--- !u!4 &477552
Transform:
  m_ObjectHideFlags: 1
  m_PrefabParentObject: {fileID: 0}
  m_PrefabInternal: {fileID: 100100000}
  m_GameObject: {fileID: 129646}
  m_LocalRotation: {x: 0.0071127606, y: -0.029831922, z: -0.44465986, w: 0.8951743}
  m_LocalPosition: {x: -0.09427726, y: 0.001219635, z: -0.0330408}
  m_LocalScale: {x: 0.9999999, y: 1.0000004, z: 0.9999998}
  m_LocalEulerAnglesHint: {x: 0, y: 0, z: 0}
  m_Children:
  - {fileID: 491752}
  m_Father: {fileID: 433206}
  m_RootOrder: 1
--- !u!4 &477900
Transform:
  m_ObjectHideFlags: 1
  m_PrefabParentObject: {fileID: 0}
  m_PrefabInternal: {fileID: 100100000}
  m_GameObject: {fileID: 140644}
  m_LocalRotation: {x: 1.84175e-10, y: 0.000000003835522, z: 0.19572558, w: 0.9806587}
  m_LocalPosition: {x: -0.28082123, y: 0, z: 0}
  m_LocalScale: {x: 0.99999994, y: 0.9999999, z: 0.99999994}
  m_LocalEulerAnglesHint: {x: 0, y: 0, z: 0}
  m_Children:
  - {fileID: 427482}
  m_Father: {fileID: 455336}
  m_RootOrder: 0
--- !u!4 &479690
Transform:
  m_ObjectHideFlags: 1
  m_PrefabParentObject: {fileID: 0}
  m_PrefabInternal: {fileID: 100100000}
  m_GameObject: {fileID: 196278}
  m_LocalRotation: {x: 0.000000004311252, y: 0.0000000025625364, z: -0.6083743, w: 0.79365027}
  m_LocalPosition: {x: -0.035435714, y: -0.000000076293944, z: 0.0000000047683715}
  m_LocalScale: {x: 1.0000001, y: 1.0000001, z: 1.0000001}
  m_LocalEulerAnglesHint: {x: 0, y: 0, z: 0}
  m_Children: []
  m_Father: {fileID: 467090}
  m_RootOrder: 0
--- !u!4 &481452
Transform:
  m_ObjectHideFlags: 1
  m_PrefabParentObject: {fileID: 0}
  m_PrefabInternal: {fileID: 100100000}
  m_GameObject: {fileID: 178240}
  m_LocalRotation: {x: 0.6359582, y: -0.003267539, z: 0.7714312, w: -0.020984055}
  m_LocalPosition: {x: 0.008289184, y: -0.0056606294, z: -0.039165333}
  m_LocalScale: {x: 0.99999994, y: 0.99999976, z: 0.99999994}
  m_LocalEulerAnglesHint: {x: 0, y: 0, z: 0}
  m_Children:
  - {fileID: 455336}
  m_Father: {fileID: 473490}
  m_RootOrder: 2
--- !u!4 &482098
Transform:
  m_ObjectHideFlags: 1
  m_PrefabParentObject: {fileID: 0}
  m_PrefabInternal: {fileID: 100100000}
  m_GameObject: {fileID: 168330}
  m_LocalRotation: {x: -0.51695085, y: 0.5169515, z: 0.4824533, w: 0.48245397}
  m_LocalPosition: {x: 0, y: 0, z: 0}
  m_LocalScale: {x: 1, y: 1, z: 1}
  m_LocalEulerAnglesHint: {x: 0, y: 0, z: 0}
  m_Children:
  - {fileID: 422156}
  m_Father: {fileID: 423470}
  m_RootOrder: 0
--- !u!4 &483870
Transform:
  m_ObjectHideFlags: 1
  m_PrefabParentObject: {fileID: 0}
  m_PrefabInternal: {fileID: 100100000}
  m_GameObject: {fileID: 127026}
  m_LocalRotation: {x: 0, y: 0, z: 0, w: 1}
  m_LocalPosition: {x: 0, y: 0, z: 0}
  m_LocalScale: {x: 1, y: 1, z: 1}
  m_LocalEulerAnglesHint: {x: 0, y: 0, z: 0}
  m_Children:
  - {fileID: 423470}
  - {fileID: 409608}
  m_Father: {fileID: 406974}
  m_RootOrder: 0
--- !u!4 &485508
Transform:
  m_ObjectHideFlags: 1
  m_PrefabParentObject: {fileID: 0}
  m_PrefabInternal: {fileID: 100100000}
  m_GameObject: {fileID: 136960}
  m_LocalRotation: {x: -0.00000000699241, y: -0.000000008718158, z: -0.6256703, w: 0.7800876}
  m_LocalPosition: {x: -0.048303984, y: 0.000000038146972, z: -0.000000009536743}
  m_LocalScale: {x: 1, y: 1.0000001, z: 1}
  m_LocalEulerAnglesHint: {x: 0, y: 0, z: 0}
  m_Children: []
  m_Father: {fileID: 485680}
  m_RootOrder: 0
--- !u!4 &485680
Transform:
  m_ObjectHideFlags: 1
  m_PrefabParentObject: {fileID: 0}
  m_PrefabInternal: {fileID: 100100000}
  m_GameObject: {fileID: 178492}
  m_LocalRotation: {x: -0.008980156, y: 0.044236943, z: -0.49198586, w: 0.8694322}
  m_LocalPosition: {x: -0.097104944, y: -0.0055878446, z: 0.011297235}
  m_LocalScale: {x: 0.99999964, y: 0.99999994, z: 0.99999964}
  m_LocalEulerAnglesHint: {x: 0, y: 0, z: 0}
  m_Children:
  - {fileID: 485508}
  m_Father: {fileID: 433206}
  m_RootOrder: 3
--- !u!4 &488856
Transform:
  m_ObjectHideFlags: 1
  m_PrefabParentObject: {fileID: 0}
  m_PrefabInternal: {fileID: 100100000}
  m_GameObject: {fileID: 152910}
  m_LocalRotation: {x: 0.05644855, y: -0.58304834, z: -0.0218279, w: 0.81018007}
  m_LocalPosition: {x: -0.1453974, y: 0, z: 0}
  m_LocalScale: {x: 0.99999994, y: 1.0000002, z: 1.0000001}
  m_LocalEulerAnglesHint: {x: 0, y: 0, z: 0}
  m_Children:
  - {fileID: 405364}
  m_Father: {fileID: 489904}
  m_RootOrder: 0
--- !u!4 &489064
Transform:
  m_ObjectHideFlags: 1
  m_PrefabParentObject: {fileID: 0}
  m_PrefabInternal: {fileID: 100100000}
  m_GameObject: {fileID: 183186}
  m_LocalRotation: {x: 7.8478635e-10, y: 0.0000000018630741, z: 0.000545975, w: 0.9999999}
  m_LocalPosition: {x: -0.38978416, y: 0.0000000023841857, z: -0.000000009536743}
  m_LocalScale: {x: 1, y: 1.0000001, z: 1}
  m_LocalEulerAnglesHint: {x: 0, y: 0, z: 0}
  m_Children:
  - {fileID: 427500}
  m_Father: {fileID: 468176}
  m_RootOrder: 0
--- !u!4 &489616
Transform:
  m_ObjectHideFlags: 1
  m_PrefabParentObject: {fileID: 0}
  m_PrefabInternal: {fileID: 100100000}
  m_GameObject: {fileID: 107756}
  m_LocalRotation: {x: -0.022585986, y: 0.992526, z: 0.08426525, w: 0.08533098}
  m_LocalPosition: {x: 0.13311638, y: 0.031257577, z: 0.089344025}
  m_LocalScale: {x: 1.0000001, y: 1.0000001, z: 1}
  m_LocalEulerAnglesHint: {x: 0, y: 0, z: 0}
  m_Children:
  - {fileID: 451460}
  m_Father: {fileID: 422156}
  m_RootOrder: 0
--- !u!4 &489904
Transform:
  m_ObjectHideFlags: 1
  m_PrefabParentObject: {fileID: 0}
  m_PrefabInternal: {fileID: 100100000}
  m_GameObject: {fileID: 125648}
  m_LocalRotation: {x: -0.64279294, y: 0.0020719517, z: 0.7657717, w: -0.020166205}
  m_LocalPosition: {x: 0.008289337, y: -0.0056608436, z: 0.039165284}
  m_LocalScale: {x: 0.99999994, y: 0.9999998, z: 0.99999994}
  m_LocalEulerAnglesHint: {x: 0, y: 0, z: 0}
  m_Children:
  - {fileID: 488856}
  m_Father: {fileID: 473490}
  m_RootOrder: 1
--- !u!4 &491752
Transform:
  m_ObjectHideFlags: 1
  m_PrefabParentObject: {fileID: 0}
  m_PrefabInternal: {fileID: 100100000}
  m_GameObject: {fileID: 173618}
  m_LocalRotation: {x: -0.000000022939904, y: -0.000000014466627, z: -0.6667637, w: 0.7452692}
  m_LocalPosition: {x: -0.048597336, y: -0.000000019073486, z: 0.000000038146972}
  m_LocalScale: {x: 1.0000002, y: 1, z: 1.0000001}
  m_LocalEulerAnglesHint: {x: 0, y: 0, z: 0}
  m_Children: []
  m_Father: {fileID: 477552}
  m_RootOrder: 0
--- !u!4 &499142
Transform:
  m_ObjectHideFlags: 1
  m_PrefabParentObject: {fileID: 0}
  m_PrefabInternal: {fileID: 100100000}
  m_GameObject: {fileID: 178140}
  m_LocalRotation: {x: 9.313226e-10, y: -0, z: -0, w: 1}
  m_LocalPosition: {x: -0.15396377, y: -0.00012259245, z: -0.000000019073486}
  m_LocalScale: {x: 1, y: 1, z: 1}
  m_LocalEulerAnglesHint: {x: 0, y: 0, z: 0}
  m_Children:
  - {fileID: 473490}
  m_Father: {fileID: 406520}
  m_RootOrder: 0
--- !u!4 &499300
Transform:
  m_ObjectHideFlags: 1
  m_PrefabParentObject: {fileID: 0}
  m_PrefabInternal: {fileID: 100100000}
  m_GameObject: {fileID: 121672}
  m_LocalRotation: {x: 0.0029332433, y: 0.035793062, z: -0.15758197, w: 0.98685265}
  m_LocalPosition: {x: -0.09427726, y: 0.0012195968, z: 0.033040803}
  m_LocalScale: {x: 1, y: 1.0000002, z: 0.99999964}
  m_LocalEulerAnglesHint: {x: 0, y: 0, z: 0}
  m_Children:
  - {fileID: 473950}
  m_Father: {fileID: 427482}
  m_RootOrder: 1
--- !u!95 &9589362
Animator:
  serializedVersion: 3
  m_ObjectHideFlags: 1
  m_PrefabParentObject: {fileID: 0}
  m_PrefabInternal: {fileID: 100100000}
  m_GameObject: {fileID: 127026}
  m_Enabled: 1
  m_Avatar: {fileID: 0}
  m_Controller: {fileID: 9100000, guid: 6632a10f18e746546bb11ae48cb9d2f5, type: 2}
  m_CullingMode: 0
  m_UpdateMode: 0
  m_ApplyRootMotion: 0
  m_LinearVelocityBlending: 0
  m_WarningMessage: 
  m_HasTransformHierarchy: 1
  m_AllowConstantClipSamplingOptimization: 1
--- !u!114 &11476664
MonoBehaviour:
  m_ObjectHideFlags: 1
  m_PrefabParentObject: {fileID: 0}
  m_PrefabInternal: {fileID: 100100000}
  m_GameObject: {fileID: 130378}
  m_Enabled: 1
  m_EditorHideFlags: 0
  m_Script: {fileID: 11500000, guid: e88ffc2efed19684cabbdb33db3795f8, type: 3}
  m_Name: 
  m_EditorClassIdentifier: 
  iDListNodes: 0
  finalRotation: {x: 0, y: 0, z: 0}
  distanceToTalking: 3
  player: {fileID: 0}
--- !u!136 &13627698
CapsuleCollider:
  m_ObjectHideFlags: 1
  m_PrefabParentObject: {fileID: 0}
  m_PrefabInternal: {fileID: 100100000}
  m_GameObject: {fileID: 130378}
  m_Material: {fileID: 0}
  m_IsTrigger: 0
  m_Enabled: 1
  m_Radius: 0.7
  m_Height: 2.43
  m_Direction: 1
  m_Center: {x: 0, y: 0.66, z: 0}
--- !u!137 &13735080
SkinnedMeshRenderer:
  m_ObjectHideFlags: 1
  m_PrefabParentObject: {fileID: 0}
  m_PrefabInternal: {fileID: 100100000}
  m_GameObject: {fileID: 177270}
  m_Enabled: 1
  m_CastShadows: 1
  m_ReceiveShadows: 1
  m_MotionVectors: 1
  m_LightProbeUsage: 1
  m_ReflectionProbeUsage: 1
  m_Materials:
  - {fileID: 2100000, guid: 61f6cec69da50654a9484d5d7bcd26ff, type: 2}
  m_SubsetIndices: 
  m_StaticBatchRoot: {fileID: 0}
  m_ProbeAnchor: {fileID: 0}
  m_LightProbeVolumeOverride: {fileID: 0}
  m_ScaleInLightmap: 1
  m_PreserveUVs: 0
  m_IgnoreNormalsForChartDetection: 0
  m_ImportantGI: 0
  m_SelectedWireframeHidden: 0
  m_MinimumChartSize: 4
  m_AutoUVMaxDistance: 0.5
  m_AutoUVMaxAngle: 89
  m_LightmapParameters: {fileID: 0}
  m_SortingLayerID: 0
  m_SortingOrder: 0
  serializedVersion: 2
  m_Quality: 0
  m_UpdateWhenOffscreen: 0
  m_SkinnedMotionVectors: 1
  m_Mesh: {fileID: 4300000, guid: 5658f4384933ef148981527ee78e86a6, type: 3}
  m_Bones:
  - {fileID: 489616}
  - {fileID: 468176}
  - {fileID: 482098}
  - {fileID: 451460}
  - {fileID: 422156}
  - {fileID: 489064}
  - {fileID: 462632}
  - {fileID: 460516}
  - {fileID: 427500}
  - {fileID: 436364}
  - {fileID: 406520}
  - {fileID: 473842}
  - {fileID: 473490}
  - {fileID: 499142}
  - {fileID: 489904}
  - {fileID: 488856}
  - {fileID: 405364}
  - {fileID: 433206}
  - {fileID: 477064}
  - {fileID: 441858}
  - {fileID: 477552}
  - {fileID: 467090}
  - {fileID: 491752}
  - {fileID: 428440}
  - {fileID: 485680}
  - {fileID: 428392}
  - {fileID: 485508}
  - {fileID: 479690}
  - {fileID: 481452}
  - {fileID: 455336}
  - {fileID: 477900}
  - {fileID: 427482}
  - {fileID: 440864}
  - {fileID: 410864}
  - {fileID: 475510}
  - {fileID: 499300}
  - {fileID: 473950}
  - {fileID: 463586}
  - {fileID: 426532}
  - {fileID: 453886}
  - {fileID: 413884}
  - {fileID: 449076}
  m_BlendShapeWeights: []
  m_RootBone: {fileID: 482098}
  m_AABB:
    m_Center: {x: -0.025830239, y: 0.0021490306, z: 0.022317141}
    m_Extent: {x: 0.9229703, y: 0.18423097, z: 0.38139215}
  m_DirtyAABB: 0
--- !u!1001 &100100000
Prefab:
  m_ObjectHideFlags: 1
  serializedVersion: 2
  m_Modification:
    m_TransformParent: {fileID: 0}
    m_Modifications: []
    m_RemovedComponents: []
  m_ParentPrefab: {fileID: 0}
  m_RootGameObject: {fileID: 130378}
  m_IsPrefabParent: 1
